<?xml version="1.0" encoding="UTF-8" ?><xb:digital_entity_call xmlns:xb="http://com/exlibris/digitool/repository/api/xmlbeans"><xb:digital_entity><pid>70698</pid><control><label>Omran,Abdel Hamid-DP01.pdf</label><note>FF UK</note><ingest_id>ing1841</ingest_id><ingest_name>inport_psycho_20.07.2009</ingest_name><entity_type xsi:nil="true" xmlns:xsi="http://www.w3.org/2001/XMLSchema-instance"/><entity_group xsi:nil="true" xmlns:xsi="http://www.w3.org/2001/XMLSchema-instance"/><usage_type>VIEW</usage_type><preservation_level>any</preservation_level><partition_a>psychopdf</partition_a><partition_b>zamek4psycho</partition_b><partition_c>ckis_ok</partition_c><status xsi:nil="true" xmlns:xsi="http://www.w3.org/2001/XMLSchema-instance"/><creation_date>2009-07-21 09:59:19</creation_date><creator>creator:LAMICKA</creator><modification_date>2014-12-01 16:01:10</modification_date><modified_by>viewer:internal</modified_by><admin_unit>DUR01</admin_unit></control><mds><md shared="true"><mid>308758</mid><description xsi:nil="true" xmlns:xsi="http://www.w3.org/2001/XMLSchema-instance"/><name>accessrights</name><type>rights_md</type><value><![CDATA[<?xml version="1.0" encoding="UTF-8"?>
<ar:access_right_md xmlns:ar="http://com/exlibris/digitool/repository/api/xmlbeans" enabled="true">
  <ar_copyrights required="false">
    <text_file></text_file>
  </ar_copyrights>
  <ar_conditions>
    <ar_condition negate="false">
      <ar_expressions>
        <ar_expression negate="false" ar_operation="within">
          <key>ip_range</key>
          <val1>78.128.206.233</val1>
          <val2>78.128.206.233</val2>
        </ar_expression>
      </ar_expressions>
    </ar_condition>
  </ar_conditions>
</ar:access_right_md>]]></value></md><md shared="false"><mid>2081128</mid><description xsi:nil="true" xmlns:xsi="http://www.w3.org/2001/XMLSchema-instance"/><name>technical</name><type>text_md</type><value><![CDATA[<?xml version="1.0" encoding="UTF-8"?>
<textmd:textMD xmlns:textmd="http://www.loc.gov/METS/" xmlns:jhove="http://hul.harvard.edu/ois/xml/ns/jhove" xmlns:xsi="http://www.w3.org/2001/XMLSchema-instance" xmlns="http://www.loc.gov/METS/" xsi:schemaLocation="http://www.loc.gov/METS http://dlib.nyu.edu/METS/textmd.xsd">
<textmd:encoding QUALITY="1">
<textmd:encoding_software/>
<textmd:encoding_platform linebreak=""/>
<textmd:encoding_software/>
<textmd:encoding_agent role=""/>
</textmd:encoding>
<textmd:character_info>
<textmd:charset/>
<textmd:byte_order/>
<textmd:character_size encoding=""/>
<textmd:linebreak/>
</textmd:character_info>
<textmd:language/>
<textmd:alt_language authority=""/>
<textmd:font_script/>
<textmd:markup_basis version=""/>
<textmd:markup_language version=""/>
<textmd:processingNote/>
<textmd:printRequirements/>
<textmd:textNote/>
<textmd:viewingRequirements/>
<textmd:file>
<textmd:fileSize>4315526</textmd:fileSize>
<textmd:checksum>
<textmd:checksumMethod>CRC32</textmd:checksumMethod>
<textmd:checksumValue>67e1978e</textmd:checksumValue>
</textmd:checksum>
<textmd:checksum>
<textmd:checksumMethod>MD5</textmd:checksumMethod>
<textmd:checksumValue>eaaaeeee5234969f7a1d22634c82fbcb</textmd:checksumValue>
</textmd:checksum>
<textmd:checksum>
<textmd:checksumMethod>SHA-1</textmd:checksumMethod>
<textmd:checksumValue>1f4073f138c3b64ab8de3b4aedbf412074943774</textmd:checksumValue>
</textmd:checksum>
<textmd:mimeType>application/pdf</textmd:mimeType>
<textmd:extension/>
</textmd:file>
</textmd:textMD>
]]></value></md><md shared="false"><mid>125563</mid><description xsi:nil="true" xmlns:xsi="http://www.w3.org/2001/XMLSchema-instance"/><name>changehistory</name><type>changehistory_md</type><value><![CDATA[<xb:history xmlns:xb="http://com/exlibris/digitool/repository/api/xmlbeans"><events><event xmlID="1"><eventIdentifier><eventIdentifierType>INGEST ID</eventIdentifierType><eventIdentifierValue>ing1841</eventIdentifierValue></eventIdentifier><eventType>Technical Metadata Extraction</eventType><eventDateTime>2009-07-21T09:56:43.669+02:00</eventDateTime><eventDetail>Add some metadata to the digital entity using jhove</eventDetail><linkingAgentIdentifier><linkingAgentIdentifierType>software_used</linkingAgentIdentifierType><linkingAgentIdentifierValue>JHove</linkingAgentIdentifierValue></linkingAgentIdentifier></event><event xmlID="2"><eventIdentifier><eventIdentifierType>INGEST ID</eventIdentifierType><eventIdentifierValue>ing1841</eventIdentifierValue></eventIdentifier><eventType>Thumbnail Creation</eventType><eventDateTime>2009-07-21T09:58:53.588+02:00</eventDateTime><eventDetail>Making a thumbnail from a pdf file</eventDetail><linkingAgentIdentifier><linkingAgentIdentifierType>software_used</linkingAgentIdentifierType><linkingAgentIdentifierValue>convert</linkingAgentIdentifierValue></linkingAgentIdentifier></event></events></xb:history>]]></value></md><md shared="false"><mid>125950</mid><description> </description><name>descriptive</name><type>marc</type><value><![CDATA[<record xmlns="http://www.loc.gov/MARC21/slim" xmlns:xsi="http://www.w3.org/2001/XMLSchema-instance" xsi:schemaLocation="http://www.loc.gov/MARC21/slim http://www.loc.gov/standards/marcxml/schema/MARC21slim.xsd"><leader>00687ctm a22002177a 4500</leader><controlfield tag="FMT">BK</controlfield><controlfield tag="001">ff780473</controlfield><controlfield tag="003">CZ PrCU</controlfield><controlfield tag="005">20090721143416.0</controlfield><controlfield tag="008">981118s1967    xr |||||r|||||||||||cze|d</controlfield><datafield tag="040" ind1=" " ind2=" "><subfield code="a">ABD001</subfield><subfield code="b">cze</subfield><subfield code="c">ABD001</subfield><subfield code="d">ABD001</subfield></datafield><datafield tag="100" ind1="1" ind2=" "><subfield code="a">Omran, Abdel Hamid M.</subfield><subfield code="4">dis</subfield></datafield><datafield tag="245" ind1="1" ind2="0"><subfield code="a">Vztah mezi nadřízenými a podřízenými jako motivace k práci</subfield><subfield code="h">[rukopis] /</subfield><subfield code="c">Abdel Hamid M. Omran</subfield></datafield><datafield tag="260" ind1=" " ind2=" "><subfield code="a">Praha,</subfield><subfield code="c">1967</subfield></datafield><datafield tag="300" ind1=" " ind2=" "><subfield code="a">Nestr.</subfield></datafield><datafield tag="502" ind1=" " ind2=" "><subfield code="a">Disertační práce (PhD.)--Univerzita Karlova. Filozofická fakulta. Katedra psychologie, 1967</subfield></datafield><datafield tag="540" ind1=" " ind2=" "><subfield code="a">Elektronická verze disertační práce je přístupná pouze po dohodě s autorem. Kontaktujte, prosím, Knihovnu psychologických a sociokulturních věd</subfield></datafield><datafield tag="655" ind1=" " ind2="4"><subfield code="a">dizertace</subfield></datafield><datafield tag="710" ind1="2" ind2=" "><subfield code="a">Univerzita Karlova.</subfield><subfield code="b">Katedra psychologie</subfield></datafield><datafield tag="980" ind1=" " ind2=" "><subfield code="a">application.pdf</subfield></datafield><datafield tag="981" ind1=" " ind2=" "><subfield code="a">dz</subfield></datafield><datafield tag="910" ind1=" " ind2=" "><subfield code="a">ABD001</subfield></datafield><controlfield tag="998">000780473</controlfield><datafield tag="SID" ind1=" " ind2=" "><subfield code="a">Z39</subfield><subfield code="b">CKS01</subfield></datafield></record>]]></value></md><md shared="false"><mid>250413</mid><description xsi:nil="true" xmlns:xsi="http://www.w3.org/2001/XMLSchema-instance"/><name>preservation</name><type>preservation_md</type><value><![CDATA[<object xmlns="http://www.loc.gov/standards/premis">
  <objectIdentifier>
    <objectIdentifierType>handle</objectIdentifierType>
    <objectIdentifierValue>123.45/2140</objectIdentifierValue>
  </objectIdentifier>
</object>]]></value></md></mds><relations><relation><type>manifestation</type><pid>70750</pid></relation></relations><stream_ref><file_name>70698_Omran,Abdel Hamid-DP01.pdf</file_name><file_extension>pdf</file_extension><mime_type>application/pdf</mime_type><directory_path>/exlibris/dtl/j3_1/digitool/home/system/bin/../../profile/storage/2009/07/21/file_2/70698</directory_path><file_id xsi:nil="true" xmlns:xsi="http://www.w3.org/2001/XMLSchema-instance"/><storage_id>1000</storage_id><external_type>-1</external_type><file_size_bytes>4315526</file_size_bytes></stream_ref></xb:digital_entity></xb:digital_entity_call>